<?xml version="1.0" encoding="UTF-8"?><record xmlns="http://www.loc.gov/MARC21/slim" xmlns:cinclude="http://apache.org/cocoon/include/1.0" xmlns:zs="http://www.loc.gov/zing/srw/">
  <leader>00433nz  a2200145n  4500</leader>
  <controlfield tag="001">n 2012052123</controlfield>
  <controlfield tag="003">DLC</controlfield>
  <controlfield tag="005">20120811083719.0</controlfield>
  <controlfield tag="008">120810n| acannaabn          |b aaa      </controlfield>
  <datafield tag="010" ind1=" " ind2=" ">
    <subfield code="a">n 2012052123</subfield>
  </datafield>
  <datafield tag="040" ind1=" " ind2=" ">
    <subfield code="a">DLC</subfield>
    <subfield code="b">eng</subfield>
    <subfield code="c">DLC</subfield>
  </datafield>
  <datafield tag="100" ind1="1" ind2=" ">
    <subfield code="a">Zhao, Puguang</subfield>
  </datafield>
  <datafield tag="400" ind1="1" ind2=" ">
    <subfield code="a">赵普光</subfield>
  </datafield>
  <datafield tag="667" ind1=" " ind2=" ">
    <subfield code="a">Non-Latin script reference not evaluated</subfield>
  </datafield>
  <datafield tag="670" ind1=" " ind2=" ">
    <subfield code="a">Zhongguo gao xiao ren li zi yuan guan li zhi du yan jiu, 2010:</subfield>
    <subfield code="b">t.p. (赵普光 = Zhao Puguang)</subfield>
  </datafield>
</record>